@misc{DebianImage,
    title = "Debian Linux on Zynq (Xilinx ARM-SoC FPGA)",
    author = " Shinya Takamaeda Yamazaki",
    howpublished = "\url{https://www.slideshare.net/shtaxxx/debian-linux-on-zynq-setup-flow-vivado-20154}"
}